@PREAMBLE{
 "\providecommand{\noopsort}[1]{}" 
 # "\providecommand{\singleletter}[1]{#1}%" 
}

@inproceedings{wang,
  title={A non-volatile comparator based on 1T1M crossbar arrays using memristor-aided logic},
  author={Wang, Xiaoping and Yang, Yuanyuan and Chen, Lin and Li, Shuai},
  booktitle={IECON 2017-43rd Annual Conference of the IEEE Industrial Electronics Society},
  pages={5685--5689},
  year={2017},
  organization={IEEE}
}

@inproceedings{manem,
  title={A read-monitored write circuit for 1T1M multi-level memristor memories},
  author={Manem, Harika and Rose, Garrett S},
  booktitle={2011 IEEE international symposium of circuits and systems (ISCAS)},
  pages={2938--2941},
  year={2011},
  organization={IEEE}
}

@inproceedings{maju,
  title={Sneak path enabled authentication for memristive crossbar memories},
  author={Majumder, Md Badruddoja and Uddin, Mesbah and Rose, Garrett S and Rajendran, Jeyavijayan},
  booktitle={2016 IEEE Asian Hardware-Oriented Security and Trust (AsianHOST)},
  pages={1--6},
  year={2016},
  organization={IEEE}
}