@FOOTNOTE{Note1,key="Note1",note="\protect \url  {https://github.com/NanophotonIICOs/router-dijkstra}"}
